@book{cohn2005agile,
  title="Agile estimating and planning",
  author="Cohn, Mike",
  year="2005",
  publisher="Pearson Education"
}

@inproceedings{molokken2007combining,
  title="Combining estimates with planning poker--an empirical study",
  author="Molokken-Ostvold, Kjetil and Haugen, Nils Christian",
  booktitle="Software Engineering Conference, 2007. ASWEC 2007. 18th Australian",
  pages="349--358",
  year="2007",
  organization="IEEE"
}

@article{tamrakar2012does,
  title="Does the use of Fibonacci numbers in Planning Poker affect effort estimates?",
  author="Tamrakar, Ritesh and J{\o}rgensen, Magne",
  year="2012",
  publisher="IET"
}

@inproceedings{haugen2006empirical,
  title="An empirical study of using planning poker for user story estimation",
  author="Haugen, Nils Christian",
  booktitle="Agile Conference, 2006",
  pages="9--pp",
  year="2006",
  organization="IEEE"
}

@inproceedings{grapenthin2016supporting,
  title="Supporting Feature Estimation with Risk and Effort Annotations",
  author="Grapenthin, Simon and Book, Matthias and Richter, Thomas and Gruhn, Volker",
  booktitle="Software Engineering and Advanced Applications (SEAA), 2016 42th Euromicro Conference on",
  pages="17--24",
  year="2016",
  organization="IEEE"
}

@inproceedings{yip2007hands,
  title="Hands-on release planning with poker chips",
  author="Yip, Jason",
  booktitle="Proceedings of the 14th Conference on Pattern Languages of Programs",
  pages="11",
  year="2007",
  organization="ACM"
}

@article{grenning2002planning,
  title="Planning poker or how to avoid analysis paralysis while release planning",
  author="Grenning, James",
  journal="Hawthorn Woods: Renaissance Software Consulting",
  volume="3",
  year="2002"
}

@inproceedings{cunningham2005costs,
  title="Costs of compliance: agile in an inelastic organization",
  author="Cunningham, John J",
  booktitle="Agile Conference, 2005. Proceedings",
  pages="202--211",
  year="2005",
  organization="IEEE"
}